

@article{prapd,
  title={PRAPD: A novel received signal strength--based approach for practical rogue access point detection},
  author={Wu, Wenjia and Gu, Xiaolin and Dong, Kai and Shi, Xiaomin and Yang, Ming},
  journal={International Journal of Distributed Sensor Networks},
  volume={14},
  number={8},
  pages={1550147718795838},
  year={2018},
  publisher={SAGE Publications Sage UK: London, England}
}

@ARTICLE{previous,  
    author={R. {Jang} and J. {Kang} and A. {Mohaisen} and D. {Nyang}},  
    journal={IEEE Transactions on Mobile Computing},  
    title={Catch Me If You Can: Rogue Access Point Detection Using Intentional Channel Interference},   
    year={2020},  
    volume={19},  
    number={5},  
    pages={1056-1071},
}

@inproceedings{rssi,
  title={Detecting 802.11 MAC layer spoofing using received signal strength},
  author={Sheng, Yong and Tan, Keren and Chen, Guanling and Kotz, David and Campbell, Andrew},
  booktitle={IEEE INFOCOM 2008-The 27th Conference on Computer Communications},
  pages={1768--1776},
  year={2008},
  organization={IEEE}
}

@inproceedings{clockskew,
  title={Letting the puss in boots sweat: Detecting fake access points using dependency of clock skews on temperature},
  author={Lanze, Fabian and Panchenko, Andriy and Braatz, Benjamin and Engel, Thomas},
  booktitle={Proceedings of the 9th ACM symposium on Information, computer and communications security},
  pages={3--14},
  year={2014}
}

@inproceedings{rtt,
  title={Cetad: Detecting evil twin access point attacks in wireless hotspots},
  author={Mustafa, Hossen and Xu, Wenyuan},
  booktitle={2014 IEEE Conference on Communications and Network Security},
  pages={238--246},
  year={2014},
  organization={IEEE}
}

@article{iat,
  title={Active user-side evil twin access point detection using statistical techniques},
  author={Yang, Chao and Song, Yimin and Gu, Guofei},
  journal={IEEE Transactions on Information Forensics and Security},
  volume={7},
  number={5},
  pages={1638--1651},
  year={2012},
  publisher={IEEE}
}
@article{spoof-evi,
  title={An Efficient Scheme to Detect Evil Twin Rogue Access Point Attack in 802.11 Wi-Fi Networks},
  author={Agarwal, Mayank and Biswas, Santosh and Nandi, Sukumar},
  journal={International Journal of Wireless Information Networks},
  volume={25},
  number={2},
  pages={130--145},
  year={2018},
  publisher={Springer}
}

@inproceedings{bg-evi,
  title={A novel traceroute-based detection scheme for Wi-Fi evil twin attacks},
  author={Burns, Alex and Wu, Longfei and Du, Xiaojiang and Zhu, Liehuang},
  booktitle={GLOBECOM 2017-2017 IEEE Global Communications Conference},
  pages={1--6},
  year={2017},
  organization={IEEE}
}

@article{laptop-evi,
  title={BiRe: A client-side Bi-directional SYN Reflection mechanism against multi-model evil twin attacks},
  author={Lu, Qian and Jiang, Ruobing and Ouyang, Yuzhan and Qu, Haipeng and Zhang, Jiahui},
  journal={Computers \& Security},
  volume={88},
  pages={101618},
  year={2020},
  publisher={Elsevier}
}

@Misc{wire,
  title        = "{Tshark-the wireshark network analyser}",
  howpublished = "\url{http://www.wireshark.org.}"
}

@INPROCEEDINGS{beacon,  author={O. {Nakhila} and C. {Zou}},  booktitle={MILCOM 2016 - 2016 IEEE Military Communications Conference},  title={User-side Wi-Fi evil twin attack detection using random wireless channel monitoring},   year={2016},  volume={},  number={},  pages={1243-1248},}

@INPROCEEDINGS{research,  author={A. {Kumar} and P. {Paul}},  booktitle={2016 International Conference on Computational Techniques in Information and Communication Technologies (ICCTICT)},  title={Security analysis and implementation of a simple method for prevention and detection against Evil Twin attack in IEEE 802.11 wireless LAN},   year={2016},  volume={},  number={},  pages={176-181},}

@article{kataoka,  author={P. {Shrivastava} and M. S. {Jamal} and K. {Kataoka}},  journal={IEEE Transactions on Network and Service Management},   title={EvilScout: Detection and Mitigation of Evil Twin Attack in SDN Enabled WiFi},   year={2020},  volume={17},  number={1},  pages={89-102},}
